<?xml version='1.0' encoding='utf-8'?>
<record xmlns="http://www.loc.gov/MARC21/slim" xmlns:xsi="http://www.w3.org/2001/XMLSchema-instance">
  <leader>00000njcaa22^^^^^^a^4500</leader>
  <controlfield tag="001">012158565</controlfield>
  <controlfield tag="005">20130103102802.0</controlfield>
  <controlfield tag="007">sd|uungnnmmneu</controlfield>
  <controlfield tag="008">121217i19871987miuzzn^^^^^^^^^t^^^^eng^d</controlfield>
  <datafield tag="035" ind1=" " ind2=" ">
    <subfield code="a">(OCoLC)823579276</subfield>
  </datafield>
  <datafield tag="040" ind1=" " ind2=" ">
    <subfield code="a">MiU-H</subfield>
    <subfield code="c">MiU-H</subfield>
    <subfield code="e">dacs</subfield>
  </datafield>
  <datafield tag="100" ind1="1" ind2=" ">
    <subfield code="a">Netzorg, Morton J.</subfield>
  </datafield>
  <datafield tag="245" ind1="1" ind2="0">
    <subfield code="a">Jock Netzorg interviewed by Michael P. Onorato,</subfield>
    <subfield code="f">1987 March 4</subfield>
    <subfield code="h">[sound recording].</subfield>
  </datafield>
  <datafield tag="300" ind1=" " ind2=" ">
    <subfield code="a">2 sound cassettes.</subfield>
  </datafield>
  <datafield tag="545" ind1="0" ind2=" ">
    <subfield code="a">Morton J. (Jock) Netzorg was a bibliographer of the Philippines and owner, with his wife Petra Fuld Netzorg, of the Cellar Book Shop in Detroit, Mich. Michael P. Onorato was an oral historian and faculty member at California State University-Fullerton.</subfield>
  </datafield>
  <datafield tag="520" ind1="2" ind2=" ">
    <subfield code="a">Interview transcribed and published in the book Jock Netzorg: Manila Memories (Laguna Beach, Calif. : Pacific Rim Books, 1988).</subfield>
  </datafield>
  <datafield tag="506" ind1=" " ind2=" ">
    <subfield code="a">The collection is open for research use.</subfield>
  </datafield>
  <datafield tag="540" ind1=" " ind2=" ">
    <subfield code="a">Copyright in the recording has been assigned to the Regents of the University of Michigan. Copyright in the transcription of the interview is owned by Pacific Rim Books.</subfield>
  </datafield>
  <datafield tag="535" ind1="1" ind2=" ">
    <subfield code="a">Sound casettes located with Jock Netzorg audio interviews in the Netzorg family papers sound recordings series (Collection: 2012143 Aa 2, Box 36).</subfield>
  </datafield>
  <datafield tag="500" ind1=" " ind2=" ">
    <subfield code="a">Donor: 10803</subfield>
  </datafield>
  <datafield tag="584" ind1=" " ind2=" ">
    <subfield code="a">Further accruals are not expected.</subfield>
  </datafield>
  <datafield tag="600" ind1="1" ind2="0">
    <subfield code="a">Netzorg, Morton J.</subfield>
    <subfield code="v">Interviews.</subfield>
  </datafield>
  <datafield tag="651" ind1=" " ind2="0">
    <subfield code="a">Manila (Philippines)</subfield>
    <subfield code="v">Biography.</subfield>
  </datafield>
  <datafield tag="700" ind1="1" ind2=" ">
    <subfield code="a">Onorato, Michael Paul,</subfield>
    <subfield code="d">1934-</subfield>
  </datafield>
  <datafield tag="852" ind1="8" ind2=" ">
    <subfield code="a">MiU-H</subfield>
    <subfield code="b">BENT</subfield>
    <subfield code="h">2012185 Aa 2;</subfield>
    <subfield code="z">located with Netzorg family papers sound recordings series (Collection ID 2012143, Box 36)</subfield>
  </datafield>
  <datafield tag="997" ind1=" " ind2=" ">
    <subfield code="a">MARS</subfield>
  </datafield>
  <datafield tag="998" ind1=" " ind2=" ">
    <subfield code="c">LAC</subfield>
  </datafield>
  <datafield tag="955" ind1=" " ind2=" ">
    <subfield code="b">BENT</subfield>
    <subfield code="p">B5912982</subfield>
  </datafield>
</record>
